<?xml version="1.0" encoding="UTF-8"?><record xmlns="http://www.loc.gov/MARC21/slim" xmlns:cinclude="http://apache.org/cocoon/include/1.0" xmlns:zs="http://www.loc.gov/zing/srw/">
  <leader>00427nz  a2200133n  4500</leader>
  <controlfield tag="001">no 90001056 </controlfield>
  <controlfield tag="003">DLC</controlfield>
  <controlfield tag="005">19900112060717.3</controlfield>
  <controlfield tag="008">900111n| acannaab|          |n aaa     c</controlfield>
  <datafield tag="010" ind1=" " ind2=" ">
    <subfield code="a">no 90001056 </subfield>
  </datafield>
  <datafield tag="040" ind1=" " ind2=" ">
    <subfield code="a">MoSU-L</subfield>
    <subfield code="c">MoSU-L</subfield>
  </datafield>
  <datafield tag="100" ind1="1" ind2="0">
    <subfield code="a">Bloethe, Orville W.,</subfield>
    <subfield code="d">1919-</subfield>
  </datafield>
  <datafield tag="670" ind1=" " ind2=" ">
    <subfield code="a">Illinois practitioner's tax manual, 1989:</subfield>
    <subfield code="b">t.p. (Orville W. Bloethe)</subfield>
  </datafield>
  <datafield tag="670" ind1=" " ind2=" ">
    <subfield code="a">Martindale &amp; Hubbell, 1989:</subfield>
    <subfield code="b">v. 3, p. 581 (Bloethe, Orville W.; b. 1919)</subfield>
  </datafield>
</record>